@article{painter2000perceptual,
  title={Perceptual coding of digital audio},
  author={Painter, Ted and Spanias, Andreas},
  journal={Proceedings of the IEEE},
  volume={88},
  number={4},
  pages={451--515},
  year={2000},
  publisher={IEEE}
}

@inproceedings{schissler2011gsound,
  title={Gsound: Interactive sound propagation for games},
  author={Schissler, Carl and Manocha, Dinesh},
  booktitle={Audio Engineering Society Conference: 41st International Conference: Audio for Games},
  year={2011},
  organization={Audio Engineering Society}
}

@article{schissler2014high,
  title={High-order diffraction and diffuse reflections for interactive sound propagation in large environments},
  author={Schissler, Carl and Mehra, Ravish and Manocha, Dinesh},
  journal={ACM Transactions on Graphics (SIGGRAPH 2014)},
  volume={33},
  number={4},
  pages={39},
  year={2014}
}

@article{schissler2015large,
  title={Interactive Sound Propagation and Rendering for Large Multi-Source Scenes},
  author={Schissler, Carl and Manocha, Dinesh},
  journal={},
  volume={},
  number={},
  pages={},
  year={2015}
}

@techreport{taylor2010sound,
  title={i-sound: Interactive gpu-based sound auralization in dynamic scenes},
  author={Taylor, Micah and Chandak, Anish and Mo, Qi and Lauterbach, Christian and Schissler, Carl and Manocha, Dinesh},
  year={2010},
  institution={Tech. Rep. TR10-006}
}

@inproceedings{stuart1996psychoacoustics,
  title={The psychoacoustics of multichannel audio},
  author={Stuart, J Robert},
  booktitle={Audio Engineering Society Conference: UK 11th Conference: Audio for New Media (ANM)},
  year={1996},
  organization={Audio Engineering Society}
}

@inproceedings{tsingos2004perceptual,
  title={Perceptual audio rendering of complex virtual environments},
  author={Tsingos, Nicolas and Gallo, Emmanuel and Drettakis, George},
  booktitle={ACM Transactions on Graphics (TOG)},
  volume={23},
  number={3},
  pages={249--258},
  year={2004},
  organization={ACM}
}

@inproceedings{tsingos2005scalable,
  title={Scalable perceptual mixing and filtering of audio signals using an augmented spectral representation},
  author={Tsingos, Nicolas},
  booktitle={8th International Conference on Digital Audio Effects (DAFx 2005)},
  pages={6},
  year={2005}
}

@article{ambikairajah1997auditory,
  title={Auditory masking and MPEG-1 audio compression},
  author={Ambikairajah, Eliathamby and Davis, AG and Wong, WTK},
  journal={Electronics \& communication engineering journal},
  volume={9},
  number={4},
  pages={165--175},
  year={1997},
  publisher={IET}
}

@article{kirk2011perceptually,
  title={Perceptually based tone mapping for low-light conditions},
  author={Kirk, Adam G and O'Brien, James F},
  journal={ACM Trans. Graph.},
  volume={30},
  number={4},
  pages={42},
  year={2011}
}

@article{pan1995tutorial,
  title={A tutorial on MPEG/audio compression},
  author={Pan, Davis},
  journal={IEEE multimedia},
  volume={2},
  number={2},
  pages={60--74},
  year={1995},
  publisher={IEEE Computer Society}
}
@inproceedings{johnston1988estimation,
  title={Estimation of perceptual entropy using noise masking criteria},
  author={Johnston, James D},
  booktitle={Acoustics, Speech, and Signal Processing, 1988. ICASSP-88., 1988 International Conference on},
  pages={2524--2527},
  year={1988},
  organization={IEEE}
}

@inproceedings{moeck2007progressive,
  title={Progressive perceptual audio rendering of complex scenes},
  author={Moeck, Thomas and Bonneel, Nicolas and Tsingos, Nicolas and Drettakis, George and Viaud-Delmon, Isabelle and Alloza, David},
  booktitle={Proceedings of the 2007 symposium on Interactive 3D graphics and games},
  pages={189--196},
  year={2007},
  organization={ACM}
}

@inproceedings{hulusic2012acoustic,
  title={Acoustic Rendering and Auditory--Visual Cross-Modal Perception and Interaction},
  author={Hulusic, Vedad and Harvey, Carlo and Debattista, Kurt and Tsingos, Nicolas and Walker, Steve and Howard, David and Chalmers, Alan},
  booktitle={Computer Graphics Forum},
  volume={31},
  number={1},
  pages={102--131},
  year={2012},
  organization={Wiley Online Library}
}

@article{taylor2012guided,
  title={Guided multiview ray tracing for fast auralization},
  author={Taylor, Micah and Chandak, Anish and Mo, Qi and Lauterbach, Christian and Schissler, Carl and Manocha, Dinesh},
  journal={Visualization and Computer Graphics, IEEE Transactions on},
  volume={18},
  number={11},
  pages={1797--1810},
  year={2012},
  publisher={IEEE}
}

@inproceedings{manocha2009interactive,
  title={Interactive sound rendering},
  author={Manocha, Dinesh and Lin, Ming C},
  booktitle={Computer-Aided Design and Computer Graphics, 2009. CAD/Graphics' 09. 11th IEEE International Conference on},
  pages={19--26},
  year={2009},
  organization={IEEE}
}

@inproceedings{savioja2010real,
  title={Real-time 3D finite-difference time-domain simulation of low-and mid-frequency room acoustics},
  author={Savioja, Lauri},
  booktitle={13th Int. Conf on Digital Audio Effects},
  volume={1},
  pages={75},
  year={2010}
}

@article{thompson2006review,
  title={A review of finite-element methods for time-harmonic acoustics},
  author={Thompson, Lonny L},
  journal={J. Acoust. Soc. Am},
  volume={119},
  number={3},
  pages={1315--1330},
  year={2006}
}

@article{gumerov2009wideband,
  title={Wideband fast multipole accelerated boundary element methods for the three-dimensional Helmholtz equation.},
  author={Gumerov, Nail A and Duraiswami, Ramani},
  journal={The Journal of the Acoustical Society of America},
  volume={125},
  number={4},
  pages={2566--2566},
  year={2009},
  publisher={Acoustical Society of America}
}

@inproceedings{raghuvanshi2010precomputed,
  title={Precomputed wave simulation for real-time sound propagation of dynamic sources in complex scenes},
  author={Raghuvanshi, Nikunj and Snyder, John and Mehra, Ravish and Lin, Ming and Govindaraju, Naga},
  booktitle={ACM Transactions on Graphics (TOG)},
  volume={29},
  number={4},
  pages={68},
  year={2010},
  organization={ACM}
}

@article{mehra2013wave,
  title={Wave-based sound propagation in large open scenes using an equivalent source formulation},
  author={Mehra, Ravish and Raghuvanshi, Nikunj and Antani, Lakulish and Chandak, Anish and Curtis, Sean and Manocha, Dinesh},
  journal={ACM Transactions on Graphics (TOG)},
  volume={32},
  number={2},
  pages={19},
  year={2013},
  publisher={ACM}
}

@inproceedings{funkhouser1998beam,
  title={A beam tracing approach to acoustic modeling for interactive virtual environments},
  author={Funkhouser, Thomas and Carlbom, Ingrid and Elko, Gary and Pingali, Gopal and Sondhi, Mohan and West, Jim},
  booktitle={Proceedings of the 25th annual conference on Computer graphics and interactive techniques},
  pages={21--32},
  year={1998},
  organization={ACM}
}

@inproceedings{tsingos2001modeling,
  title={Modeling acoustics in virtual environments using the uniform theory of diffraction},
  author={Tsingos, Nicolas and Funkhouser, Thomas and Ngan, Addy and Carlbom, Ingrid},
  booktitle={Proceedings of the 28th annual conference on Computer graphics and interactive techniques},
  pages={545--552},
  year={2001},
  organization={ACM}
}

@inproceedings{chandak2009fastv,
  title={FastV: From-point Visibility Culling on Complex Models},
  author={Chandak, Anish and Antani, Lakulish and Taylor, Micah and Manocha, Dinesh},
  booktitle={Computer Graphics Forum},
  volume={28},
  number={4},
  pages={1237--1246},
  year={2009},
  organization={Wiley Online Library}
}

@article{funkhouser2003survey,
  title={Survey of methods for modeling sound propagation in interactive virtual environment systems},
  author={Funkhouser, Thomas and Tsingos, Nicolas and Jot, Jean-Marc},
  year={2003},
  publisher={Citeseer}
}

@article{borish1984extension,
  title={Extension of the image model to arbitrary polyhedra},
  author={Borish, Jeffrey},
  journal={The Journal of the Acoustical Society of America},
  volume={75},
  number={6},
  pages={1827--1836},
  year={1984},
  publisher={Acoustical Society of America}
}

@article{ambikairajah1997auditory,
  title={Auditory masking and MPEG-1 audio compression},
  author={Ambikairajah, Eliathamby and Davis, AG and Wong, WTK},
  journal={Electronics \& communication engineering journal},
  volume={9},
  number={4},
  pages={165--175},
  year={1997},
  publisher={IET}
}