@article{painter2000perceptual,
  title={Perceptual coding of digital audio},
  author={Painter, Ted and Spanias, Andreas},
  journal={Proceedings of the IEEE},
  volume={88},
  number={4},
  pages={451--515},
  year={2000},
  publisher={IEEE}
}

@inproceedings{schissler2011gsound,
  title={Gsound: Interactive sound propagation for games},
  author={Schissler, Carl and Manocha, Dinesh},
  booktitle={Audio Engineering Society Conference: 41st International Conference: Audio for Games},
  year={2011},
  organization={Audio Engineering Society}
}

@article{schissler2014high,
  title={High-order diffraction and diffuse reflections for interactive sound propagation in large environments},
  author={Schissler, Carl and Mehra, Ravish and Manocha, Dinesh},
  journal={ACM Transactions on Graphics (SIGGRAPH 2014)},
  volume={33},
  number={4},
  pages={39},
  year={2014}
}